<?xml version="1.0" encoding="UTF-8"?><collection xmlns="http://www.loc.gov/MARC21/slim"><record><leader>00328nam--2200121-i-4500</leader><controlfield tag="001">000027405</controlfield><controlfield tag="002">20161230</controlfield><controlfield tag="005">20161230201036</controlfield><controlfield tag="008">060222s1000------------r-----000-0-eng-d</controlfield><datafield ind1=" " ind2=" " tag="080"><subfield code="a">681.3.06</subfield></datafield><datafield ind1=" " ind2=" " tag="245"><subfield code="a">Introduction to the vax/vms document set</subfield></datafield><datafield ind1=" " ind2=" " tag="260"><subfield code="a">Puerto Rico, Dsigital Equipment Corporation, 1986, Pag.Dif</subfield></datafield><datafield ind1=" " ind2=" " tag="852"><subfield code="a">80757</subfield></datafield></record></collection>